@article{smith2020,
  author = {Smith, John and Jones, Mary},
  title = {An Example Article},
  journal = {Journal of Philosophy},
  year = {2020},
  volume = {117},
  number = {5},
  pages = {255--280}
}

@book{brown2021,
  author = {Brown, Sarah},
  title = {A Book on Ethics},
  publisher = {Academic Press},
  year = {2021},
  address = {Cambridge, MA}
}

@incollection{jones2019,
  author = {Jones, Robert},
  title = {A Chapter Title},
  booktitle = {Collected Essays},
  editor = {Williams, David},
  publisher = {University Press},
  year = {2019},
  pages = {123--145}
}
